%% This BibTeX bibliography file was created using BibDesk.
%% http://bibdesk.sourceforge.net/


%% Created for ZHANG Ruda at 2016-04-04 14:14:11 -0700


%% Saved with string encoding Unicode (UTF-8)


@article{manolio2010genomewide,
  title={Genomewide association studies and assessment of the risk of disease},
  author={Manolio, Teri A},
  journal={New England journal of medicine},
  volume={363},
  number={2},
  pages={166--176},
  year={2010},
  publisher={Mass Medical Soc}
}

@article{jordan2004graphical,
  title={Graphical models},
  author={Jordan, Michael I and others},
  journal={Statistical science},
  volume={19},
  number={1},
  pages={140--155},
  year={2004},
  publisher={Institute of Mathematical Statistics}
}

@article{allen2010hundreds,
  title={Hundreds of variants clustered in genomic loci and biological pathways affect human height},
  author={Allen, Hana Lango and Estrada, Karol and Lettre, Guillaume and Berndt, Sonja I and Weedon, Michael N and Rivadeneira, Fernando and Willer, Cristen J and Jackson, Anne U and Vedantam, Sailaja and Raychaudhuri, Soumya and others},
  journal={Nature},
  volume={467},
  number={7317},
  pages={832--838},
  year={2010},
  publisher={Nature Publishing Group}
}

@article{hoerl1970ridge,
  title={Ridge regression: Biased estimation for nonorthogonal problems},
  author={Hoerl, Arthur E and Kennard, Robert W},
  journal={Technometrics},
  volume={12},
  number={1},
  pages={55--67},
  year={1970},
  publisher={Taylor \& Francis Group}
}

@article{de2013prediction,
  title={Prediction of complex human traits using the genomic best linear unbiased predictor},
  author={de Los Campos, Gustavo and Vazquez, Ana I and Fernando, Rohan and Klimentidis, Yann C and Sorensen, Daniel},
  journal={PLoS Genet},
  volume={9},
  number={7},
  pages={e1003608},
  year={2013},
  publisher={Public Library of Science}
}

@article{tibshirani1996regression,
  title={Regression shrinkage and selection via the lasso},
  author={Tibshirani, Robert},
  journal={Journal of the Royal Statistical Society: Series B (Methodological)},
  volume={58},
  number={1},
  pages={267--288},
  year={1996},
  publisher={Wiley Online Library}
}

@article{friedman2007pathwise,
  title={Pathwise coordinate optimization},
  author={Friedman, Jerome and Hastie, Trevor and H{\"o}fling, Holger and Tibshirani, Robert and others},
  journal={Annals of applied statistics},
  volume={1},
  number={2},
  pages={302--332},
  year={2007},
  publisher={Institute of Mathematical Statistics}
}

@book{hastie2019statistical,
  title={Statistical learning with sparsity: the lasso and generalizations},
  author={Hastie, Trevor and Tibshirani, Robert and Wainwright, Martin},
  year={2019},
  publisher={Chapman and Hall/CRC},
  chapter={2}
}

@article{zou2007degrees,
  title={On the “degrees of freedom” of the lasso},
  author={Zou, Hui and Hastie, Trevor and Tibshirani, Robert and others},
  journal={The Annals of Statistics},
  volume={35},
  number={5},
  pages={2173--2192},
  year={2007},
  publisher={Institute of Mathematical Statistics}
}

@article{tibshirani2012degrees,
  title={Degrees of freedom in lasso problems},
  author={Tibshirani, Ryan J and Taylor, Jonathan},
  journal={The Annals of Statistics},
  pages={1198--1232},
  year={2012},
  publisher={JSTOR}
}

@article{zou2005regularization,
  title={Regularization and variable selection via the elastic net},
  author={Zou, Hui and Hastie, Trevor},
  journal={Journal of the royal statistical society: series B (statistical methodology)},
  volume={67},
  number={2},
  pages={301--320},
  year={2005},
  publisher={Wiley Online Library}
}

@book{hastie2009elements,
  title={The elements of statistical learning: data mining, inference, and prediction},
  author={Hastie, Trevor and Tibshirani, Robert and Friedman, Jerome},
  year={2009},
  publisher={Springer Science \& Business Media}
}

@article{fan2001variable,
  title={Variable selection via nonconcave penalized likelihood and its oracle properties},
  author={Fan, Jianqing and Li, Runze},
  journal={Journal of the American statistical Association},
  volume={96},
  number={456},
  pages={1348--1360},
  year={2001},
  publisher={Taylor \& Francis}
}

@article{zhang2010nearly,
  title={Nearly unbiased variable selection under minimax concave penalty},
  author={Zhang, Cun-Hui and others},
  journal={The Annals of statistics},
  volume={38},
  number={2},
  pages={894--942},
  year={2010},
  publisher={Institute of Mathematical Statistics}
}

@article{mazumder2011sparsenet,
  title={Sparsenet: Coordinate descent with nonconvex penalties},
  author={Mazumder, Rahul and Friedman, Jerome H and Hastie, Trevor},
  journal={Journal of the American Statistical Association},
  volume={106},
  number={495},
  pages={1125--1138},
  year={2011},
  publisher={Taylor \& Francis}
}

@article{zou2006adaptive,
  title={The adaptive lasso and its oracle properties},
  author={Zou, Hui},
  journal={Journal of the American statistical association},
  volume={101},
  number={476},
  pages={1418--1429},
  year={2006},
  publisher={Taylor \& Francis}
}

@article{yuan2006model,
  title={Model selection and estimation in regression with grouped variables},
  author={Yuan, Ming and Lin, Yi},
  journal={Journal of the Royal Statistical Society: Series B (Statistical Methodology)},
  volume={68},
  number={1},
  pages={49--67},
  year={2006},
  publisher={Wiley Online Library}
}

@article{subramanian2005gene,
  title={Gene set enrichment analysis: a knowledge-based approach for interpreting genome-wide expression profiles},
  author={Subramanian, Aravind and Tamayo, Pablo and Mootha, Vamsi K and Mukherjee, Sayan and Ebert, Benjamin L and Gillette, Michael A and Paulovich, Amanda and Pomeroy, Scott L and Golub, Todd R and Lander, Eric S and others},
  journal={Proceedings of the National Academy of Sciences},
  volume={102},
  number={43},
  pages={15545--15550},
  year={2005},
  publisher={National Acad Sciences}
}

@article{tai2007incorporating,
  title={Incorporating prior knowledge of predictors into penalized classifiers with multiple penalty terms},
  author={Tai, Feng and Pan, Wei},
  journal={Bioinformatics},
  volume={23},
  number={14},
  pages={1775--1782},
  year={2007},
  publisher={Oxford University Press}
}

@article{bergersen2011weighted,
  title={Weighted lasso with data integration},
  author={Bergersen, Linn Cecilie and Glad, Ingrid K and Lyng, Heidi},
  journal={Statistical applications in genetics and molecular biology},
  volume={10},
  number={1},
  year={2011},
  publisher={De Gruyter}
}

@article{zeng2021incorporating,
  title={Incorporating prior knowledge into regularized regression},
  author={Zeng, Chubing and Thomas, Duncan Campbell and Lewinger, Juan Pablo},
  journal={Bioinformatics},
  volume={37},
  number={4},
  pages={514--521},
  year={2021},
  publisher={Oxford University Press}
}

@article{chen2007enriching,
  title={Enriching the analysis of genomewide association studies with hierarchical modeling},
  author={Chen, Gary K and Witte, John S},
  journal={The American Journal of Human Genetics},
  volume={81},
  number={2},
  pages={397--404},
  year={2007},
  publisher={Elsevier}
}

@article{simon2011regularization,
  title={Regularization paths for Cox’s proportional hazards model via coordinate descent},
  author={Simon, Noah and Friedman, Jerome and Hastie, Trevor and Tibshirani, Rob},
  journal={Journal of statistical software},
  volume={39},
  number={5},
  pages={1},
  year={2011},
  publisher={NIH Public Access}
}

@article{breslow1972contribution,
  title={Contribution to discussion of paper by DR Cox},
  author={Breslow, Norman E},
  journal={J. Roy. Statist. Soc., Ser. B},
  volume={34},
  pages={216--217},
  year={1972}
}

@article{cox1972regression,
  title={Regression models and life-tables},
  author={Cox, David R},
  journal={Journal of the Royal Statistical Society: Series B (Methodological)},
  volume={34},
  number={2},
  pages={187--202},
  year={1972},
  publisher={Wiley Online Library}
}

@article{friedman2010regularization,
  title={Regularization paths for generalized linear models via coordinate descent},
  author={Friedman, Jerome and Hastie, Trevor and Tibshirani, Rob},
  journal={Journal of statistical software},
  volume={33},
  number={1},
  pages={1},
  year={2010},
  publisher={NIH Public Access}
}

@article{bender2005generating,
  title={Generating survival times to simulate Cox proportional hazards models},
  author={Bender, Ralf and Augustin, Thomas and Blettner, Maria},
  journal={Statistics in medicine},
  volume={24},
  number={11},
  pages={1713--1723},
  year={2005},
  publisher={Wiley Online Library}
}

@article{harrell1982evaluating,
  title={Evaluating the yield of medical tests},
  author={Harrell, Frank E and Califf, Robert M and Pryor, David B and Lee, Kerry L and Rosati, Robert A},
  journal={Jama},
  volume={247},
  number={18},
  pages={2543--2546},
  year={1982},
  publisher={American Medical Association}
}

@article{curtis2012genomic,
  title={The genomic and transcriptomic architecture of 2,000 breast tumours reveals novel subgroups},
  author={Curtis, Christina and Shah, Sohrab P and Chin, Suet-Feung and Turashvili, Gulisa and Rueda, Oscar M and Dunning, Mark J and Speed, Doug and Lynch, Andy G and Samarajiwa, Shamith and Yuan, Yinyin and others},
  journal={Nature},
  volume={486},
  number={7403},
  pages={346--352},
  year={2012},
  publisher={Nature Publishing Group}
}

@article{cheng2013development,
  title={Development of a prognostic model for breast cancer survival in an open challenge environment},
  author={Cheng, Wei-Yi and Yang, Tai-Hsien Ou and Anastassiou, Dimitris},
  journal={Science translational medicine},
  volume={5},
  number={181},
  pages={181ra50--181ra50},
  year={2013},
  publisher={American Association for the Advancement of Science}
}

@article{cheng2013biomolecular,
  title={Biomolecular events in cancer revealed by attractor metagenes},
  author={Cheng, Wei-Yi and Yang, Tai-Hsien Ou and Anastassiou, Dimitris},
  journal={PLoS Comput Biol},
  volume={9},
  number={2},
  pages={e1002920},
  year={2013},
  publisher={Public Library of Science}
}

@article{rivenbark2013molecular,
  title={Molecular and cellular heterogeneity in breast cancer: challenges for personalized medicine},
  author={Rivenbark, Ashley G and O’Connor, Siobhan M and Coleman, William B},
  journal={The American journal of pathology},
  volume={183},
  number={4},
  pages={1113--1124},
  year={2013},
  publisher={Elsevier}
}

@article{moreno2015anti,
  title={Anti--PD-1 therapy in melanoma},
  author={Moreno, Blanca Homet and Parisi, Giulia and Robert, Lidia and Ribas, Antoni},
  journal={Seminars in oncology},
  volume={42},
  number={3},
  pages={466--473},
  year={2015},
  publisher={Elsevier}
}

@article{gide2019distinct,
  title={Distinct immune cell populations define response to anti-PD-1 monotherapy and anti-PD-1/anti-CTLA-4 combined therapy},
  author={Gide, Tuba N and Quek, Camelia and Menzies, Alexander M and Tasker, Annie T and Shang, Ping and Holst, Jeff and Madore, Jason and Lim, Su Yin and Velickovic, Rebecca and Wongchenko, Matthew and others},
  journal={Cancer cell},
  volume={35},
  number={2},
  pages={238--255},
  year={2019},
  publisher={Elsevier}
}

@article{riaz2017tumor,
  title={Tumor and microenvironment evolution during immunotherapy with nivolumab},
  author={Riaz, Nadeem and Havel, Jonathan J and Makarov, Vladimir and Desrichard, Alexis and Urba, Walter J and Sims, Jennifer S and Hodi, F Stephen and Mart{\'\i}n-Algarra, Salvador and Mandal, Rajarsi and Sharfman, William H and others},
  journal={Cell},
  volume={171},
  number={4},
  pages={934--949},
  year={2017},
  publisher={Elsevier}
}

@article{hugo2016genomic,
  title={Genomic and transcriptomic features of response to anti-PD-1 therapy in metastatic melanoma},
  author={Hugo, Willy and Zaretsky, Jesse M and Sun, Lu and Song, Chunying and Moreno, Blanca Homet and Hu-Lieskovan, Siwen and Berent-Maoz, Beata and Pang, Jia and Chmielowski, Bartosz and Cherry, Grace and others},
  journal={Cell},
  volume={165},
  number={1},
  pages={35--44},
  year={2016},
  publisher={Elsevier}
}

@article{liberzon2015molecular,
  title={The molecular signatures database hallmark gene set collection},
  author={Liberzon, Arthur and Birger, Chet and Thorvaldsd{\'o}ttir, Helga and Ghandi, Mahmoud and Mesirov, Jill P and Tamayo, Pablo},
  journal={Cell systems},
  volume={1},
  number={6},
  pages={417--425},
  year={2015},
  publisher={Elsevier}
}

@article{meinshausen2009p,
  title={P-values for high-dimensional regression},
  author={Meinshausen, Nicolai and Meier, Lukas and B{\"u}hlmann, Peter},
  journal={Journal of the American Statistical Association},
  volume={104},
  number={488},
  pages={1671--1681},
  year={2009},
  publisher={Taylor \& Francis}
}

@article{shah2013variable,
  title={Variable selection with error control: another look at stability selection},
  author={Shah, Rajen D and Samworth, Richard J},
  journal={Journal of the Royal Statistical Society: Series B (Statistical Methodology)},
  volume={75},
  number={1},
  pages={55--80},
  year={2013},
  publisher={Wiley Online Library}
}

@article{simon2013sparse,
  title={A sparse-group lasso},
  author={Simon, Noah and Friedman, Jerome and Hastie, Trevor and Tibshirani, Robert},
  journal={Journal of computational and graphical statistics},
  volume={22},
  number={2},
  pages={231--245},
  year={2013},
  publisher={Taylor \& Francis Group}
}

@article{jassal2020reactome,
  title={The reactome pathway knowledgebase},
  author={Jassal, Bijay and Matthews, Lisa and Viteri, Guilherme and Gong, Chuqiao and Lorente, Pascual and Fabregat, Antonio and Sidiropoulos, Konstantinos and Cook, Justin and Gillespie, Marc and Haw, Robin and others},
  journal={Nucleic acids research},
  volume={48},
  number={D1},
  pages={D498--D503},
  year={2020},
  publisher={Oxford University Press}
}

@article{li2010bayesian,
  title={The Bayesian elastic net},
  author={Li, Qing and Lin, Nan and others},
  journal={Bayesian analysis},
  volume={5},
  number={1},
  pages={151--170},
  year={2010},
  publisher={International Society for Bayesian Analysis}
}

@article{le2015dc,
  title={DC approximation approaches for sparse optimization},
  author={Le Thi, Hoai An and Dinh, T Pham and Le, Hoai Minh and Vo, Xuan Thanh},
  journal={European Journal of Operational Research},
  volume={244},
  number={1},
  pages={26--46},
  year={2015},
  publisher={Elsevier}
}

@article{hunter2004tutorial,
  title={A tutorial on MM algorithms},
  author={Hunter, David R and Lange, Kenneth},
  journal={The American Statistician},
  volume={58},
  number={1},
  pages={30--37},
  year={2004},
  publisher={Taylor \& Francis}
}

@inproceedings{chen2016xgboost,
  title={Xgboost: A scalable tree boosting system},
  author={Chen, Tianqi and Guestrin, Carlos},
  booktitle={Proceedings of the 22nd acm sigkdd international conference on knowledge discovery and data mining},
  pages={785--794},
  year={2016}
}

@article{efron1979bootstrap,
  title={Bootstrap methods: another look at the jackknife},
  author={Efron, Bradley},
  journal={The Annals of Statistics},
  volume={7},
  number={1},
  pages={1--26},
  year={1979},
  publisher={Institute of Mathematical Statistics}
}

@article{wasserman2009high,
  title={High dimensional variable selection},
  author={Wasserman, Larry and Roeder, Kathryn},
  journal={Annals of statistics},
  volume={37},
  number={5A},
  pages={2178},
  year={2009},
  publisher={NIH Public Access}
}

@article{mandrekar2010predictive,
  title={Predictive biomarker validation in practice: lessons from real trials},
  author={Mandrekar, Sumithra J and Sargent, Daniel J},
  journal={Clinical trials},
  volume={7},
  number={5},
  pages={567--573},
  year={2010},
  publisher={SAGE Publications Sage UK: London, England}
}

@article{huo2007stepwise,
  title={When do stepwise algorithms meet subset selection criteria?},
  author={Huo, Xiaoming and Ni, Xuelei},
  journal={The Annals of Statistics},
  pages={870--887},
  year={2007},
  publisher={JSTOR}
}

@article{blumensath2008iterative,
  title={Iterative thresholding for sparse approximations},
  author={Blumensath, Thomas and Davies, Mike E},
  journal={Journal of Fourier analysis and Applications},
  volume={14},
  number={5-6},
  pages={629--654},
  year={2008},
  publisher={Springer}
}

@article{zhang2019new,
  title={A New Proximal Iterative Hard Thresholding Method with Extrapolation for l0 Minimization},
  author={Zhang, Xue and Zhang, Xiaoqun},
  journal={Journal of Scientific Computing},
  volume={79},
  number={2},
  pages={809--826},
  year={2019},
  publisher={Springer}
}

@article{yang2017proximal,
  title={The proximal alternating iterative hard thresholding method for l0 minimization, with complexity O (1/k)},
  author={Yang, Fan and Shen, Yi and Liu, Zhi Song},
  journal={Journal of Computational and Applied Mathematics},
  volume={311},
  pages={115--129},
  year={2017},
  publisher={Elsevier}
}

@article{keys2019proximal,
  title={Proximal Distance Algorithms: Theory and Practice.},
  author={Keys, Kevin L and Zhou, Hua and Lange, Kenneth},
  journal={J. Mach. Learn. Res.},
  volume={20},
  number={66},
  pages={1--38},
  year={2019}
}

@article{laplace1986memoir,
  title={Memoir on the probability of the causes of events},
  author={Laplace, Pierre Simon},
  journal={Statistical science},
  volume={1},
  number={3},
  pages={364--378},
  year={1986},
  publisher={JSTOR}
}

@article{park2008bayesian,
  title={The bayesian lasso},
  author={Park, Trevor and Casella, George},
  journal={Journal of the American Statistical Association},
  volume={103},
  number={482},
  pages={681--686},
  year={2008},
  publisher={Taylor \& Francis}
}